<?xml version="1.0" encoding="UTF-8"?><collection xmlns="http://www.loc.gov/MARC21/slim"><record><leader>00474nam--2200121-i-4500</leader><controlfield tag="001">000044644</controlfield><controlfield tag="002">20161230</controlfield><controlfield tag="005">20161230201044</controlfield><controlfield tag="008">060222s1000------------r-----000-0-eng-d</controlfield><datafield ind1=" " ind2=" " tag="080"><subfield code="a">621.375.826:533.982(043)</subfield></datafield><datafield ind1=" " ind2=" " tag="100"><subfield code="a">Thomas-carre, Claudine</subfield></datafield><datafield ind1=" " ind2=" " tag="245"><subfield code="a">Spectroscopie des etats de rydberg du krypton parexcitation laser a deux etages. analyse des series impaires par la methode du defaut quantitique a plusieurs voies. these</subfield></datafield><datafield ind1=" " ind2=" " tag="260"><subfield code="a">Orsay, Universite De Paris-sud, 1981, 79p</subfield></datafield></record></collection>